@article{makhoul,
  title={A fast cosine transform in one and two dimensions},
  author={Makhoul, John},
  journal={Acoustics, Speech and Signal Processing, IEEE Transactions on},
  volume={28},
  number={1},
  pages={27--34},
  year={1980},
  publisher={IEEE}
}

@book{brigham,
  title={The fast Fourier transform},
  year={1974},
  author={Brigham, E Oran},
  publisher={Englewood Cliffs, New Jersey, Prentice{\c{c}}Hall}
}

@article{martucci,
  title={Symmetric convolution and the discrete sine and cosine transforms},
  author={Martucci, Stephen A},
  journal={Signal Processing, IEEE Transactions on},
  volume={42},
  number={5},
  pages={1038--1051},
  year={1994},
  publisher={IEEE}
}